
@inproceedings{alahiSocialLSTMHuman2016,
  title = {Social {{LSTM}}: {{Human Trajectory Prediction}} in {{Crowded Spaces}}},
  shorttitle = {Social {{LSTM}}},
  booktitle = {Proceedings of the {{IEEE Conference}} on {{Computer Vision}} and {{Pattern Recognition}}},
  author = {Alahi, Alexandre and Goel, Kratarth and Ramanathan, Vignesh and Robicquet, Alexandre and {Fei-Fei}, Li and Savarese, Silvio},
  year = {2016},
  pages = {961--971}
}



